<record><leader>00000cas a2200000 a 4500</leader><controlfield tag="001">9161125</controlfield><controlfield tag="008">830125d18001805ctuwr ne      0    0eng  </controlfield><datafield ind1=" " ind2=" " tag="010"><subfield code="a">sn 82016102 </subfield></datafield><datafield ind1=" " ind2=" " tag="040"><subfield code="a">DLC</subfield><subfield code="b">eng</subfield><subfield code="c">DLC</subfield><subfield code="d">NPV</subfield><subfield code="d">DLC</subfield><subfield code="d">NPX</subfield><subfield code="d">NPU</subfield><subfield code="d">KNP</subfield><subfield code="d">DLC</subfield><subfield code="d">KNP</subfield><subfield code="d">YOX</subfield><subfield code="d">MFN</subfield><subfield code="d">YOX</subfield><subfield code="d">KNP</subfield><subfield code="d">CNW</subfield><subfield code="d">HUL</subfield><subfield code="d">CNK</subfield><subfield code="d">MGN</subfield><subfield code="d">FUG</subfield><subfield code="d">OCL</subfield><subfield code="d">CVF</subfield><subfield code="d">DLC</subfield><subfield code="d">NYS</subfield><subfield code="d">KRTAS</subfield><subfield code="d">DLC</subfield><subfield code="d">OCLCQ</subfield><subfield code="d">OCLCA</subfield><subfield code="d">OCLCF</subfield></datafield><datafield ind1="1" ind2=" " tag="029"><subfield code="a">AU@</subfield><subfield code="b">000020394068</subfield></datafield><datafield ind1=" " ind2=" " tag="042"><subfield code="a">pcc</subfield></datafield><datafield ind1=" " ind2=" " tag="043"><subfield code="a">n-us-ct</subfield></datafield><datafield ind1=" " ind2=" " tag="045"><subfield code="a">w0w0</subfield></datafield><datafield ind1="0" ind2="0" tag="050"><subfield code="a">Newspaper</subfield></datafield><datafield ind1=" " ind2=" " tag="052"><subfield code="a">3783</subfield><subfield code="b">N4</subfield></datafield><datafield ind1="0" ind2="0" tag="245"><subfield code="a">Connecticut gazette, and the commercial intelligencer.</subfield></datafield><datafield ind1="3" ind2="0" tag="246"><subfield code="a">Commercial intelligencer</subfield></datafield><datafield ind1=" " ind2=" " tag="260"><subfield code="a">New-London [Conn.] :</subfield><subfield code="b">Printed by S. Green,</subfield><subfield code="c">1800-1805.</subfield></datafield><datafield ind1=" " ind2=" " tag="300"><subfield code="a">6 v.</subfield></datafield><datafield ind1=" " ind2=" " tag="310"><subfield code="a">Weekly</subfield></datafield><datafield ind1="0" ind2=" " tag="362"><subfield code="a">Vol. 37, no. 1886 (Jan. 1, 1800)-v. 42, no. 2155 (Feb. 27, 1805).</subfield></datafield><datafield ind1=" " ind2=" " tag="500"><subfield code="a">"In proportion as the Structure of a government gives force to Public Opinion, it is essential that Public Opinion should be enlightened--Washington."</subfield></datafield><datafield ind1="4" ind2=" " tag="510"><subfield code="a">Brigham, C.S. Amer. newspapers</subfield><subfield code="c">p. 53</subfield></datafield><datafield ind1=" " ind2=" " tag="525"><subfield code="a">Supplements accompany some issues.</subfield></datafield><datafield ind1=" " ind2=" " tag="530"><subfield code="a">Available on microfilm and microopaque from the Readex Microprint Corp.</subfield></datafield><datafield ind1=" " ind2="0" tag="651"><subfield code="a">New London (Conn.)</subfield><subfield code="v">Newspapers.</subfield></datafield><datafield ind1=" " ind2="0" tag="651"><subfield code="a">New London County (Conn.)</subfield><subfield code="v">Newspapers.</subfield></datafield><datafield ind1=" " ind2="7" tag="655"><subfield code="a">Newspapers.</subfield><subfield code="2">fast</subfield><subfield code="0">(OCoLC)fst01423814</subfield></datafield><datafield ind1=" " ind2="7" tag="651"><subfield code="a">Connecticut</subfield><subfield code="z">New London.</subfield><subfield code="2">fast</subfield><subfield code="0">(OCoLC)fst01205494</subfield></datafield><datafield ind1=" " ind2="7" tag="651"><subfield code="a">Connecticut</subfield><subfield code="z">New London County.</subfield><subfield code="2">fast</subfield><subfield code="0">(OCoLC)fst01221053</subfield></datafield><datafield ind1=" " ind2=" " tag="752"><subfield code="a">United States</subfield><subfield code="b">Connecticut</subfield><subfield code="c">New London</subfield><subfield code="d">New London.</subfield></datafield><datafield ind1="0" ind2="0" tag="780"><subfield code="t">Connecticut gazette (New London, Conn. : 1787)</subfield><subfield code="w">(DLC)sn 82016113</subfield><subfield code="w">(OCoLC)9163658</subfield></datafield><datafield ind1="0" ind2="0" tag="785"><subfield code="t">Connecticut gazette (New London, Conn. : 1805)</subfield><subfield code="w">(DLC)sn 82016112</subfield><subfield code="w">(OCoLC)9163528</subfield></datafield><datafield ind1=" " ind2=" " tag="938"><subfield code="a">Kirtas Technologies, Inc.</subfield><subfield code="b">KRTS</subfield><subfield code="n">736144</subfield></datafield></record>